@Article{TimothyM.Pabst2006,
  author  = {Timothy M. Pabst, Giorgio Carta},
  journal = {J. Chromatogr. A},
  title   = {ph transitions in cation exchange chromatographic columns containing weak acid groups},
  year    = {2006},
}

@Comment{jabref-meta: databaseType:bibtex;}
